<?xml version="1.0" encoding="UTF-8"?><collection xmlns="http://www.loc.gov/MARC21/slim"><record><leader>00435nam--2200157-i-4500</leader><controlfield tag="001">000009463</controlfield><controlfield tag="002">20161230</controlfield><controlfield tag="005">20170114001329</controlfield><controlfield tag="008">060222s1000------------r-----000-0-eng-d</controlfield><datafield ind1=" " ind2=" " tag="080"><subfield code="a">543.51(083)</subfield></datafield><datafield ind1=" " ind2=" " tag="100"><subfield code="a">Beynon, J. H</subfield></datafield><datafield ind1=" " ind2=" " tag="245"><subfield code="a">Table of ion energies for metastable transitions in mass spectrometry</subfield></datafield><datafield ind1=" " ind2=" " tag="260"><subfield code="a">Amsterdam</subfield><subfield code="b">Elsevier Publishing Company</subfield><subfield code="c">1970</subfield></datafield><datafield ind1=" " ind2=" " tag="300"><subfield code="a">499 p</subfield></datafield><datafield ind1=" " ind2=" " tag="852"><subfield code="a">33845</subfield></datafield><datafield ind1=" " ind2=" " tag="CAT"><subfield code="a">SYS</subfield><subfield code="c">20170114</subfield><subfield code="h">001329</subfield></datafield></record></collection>